<record><leader>00000cas a22000007a 4500</leader><controlfield tag="001">17807795</controlfield><controlfield tag="008">880418d18uu1871msuwr ne      0    0eng d</controlfield><datafield ind1=" " ind2=" " tag="010"><subfield code="a">sn 88067124 </subfield></datafield><datafield ind1=" " ind2=" " tag="040"><subfield code="a">MSJ</subfield><subfield code="b">eng</subfield><subfield code="c">MSJ</subfield><subfield code="d">OCLCQ</subfield></datafield><datafield ind1=" " ind2=" " tag="042"><subfield code="a">msc</subfield></datafield><datafield ind1="0" ind2="0" tag="245"><subfield code="a">Holly Springs conservative.</subfield></datafield><datafield ind1=" " ind2=" " tag="260"><subfield code="a">Holly Springs, Miss. :</subfield><subfield code="b">John Calhoon</subfield></datafield><datafield ind1=" " ind2=" " tag="310"><subfield code="a">Weekly</subfield></datafield><datafield ind1="1" ind2=" " tag="362"><subfield code="a">Ceased in 1871?</subfield></datafield><datafield ind1=" " ind2=" " tag="588"><subfield code="a">Description based on: Vol. 1, no. 37 (July 15, 1870).</subfield></datafield><datafield ind1=" " ind2=" " tag="752"><subfield code="a">United States</subfield><subfield code="b">Mississippi</subfield><subfield code="c">Marshall</subfield><subfield code="d">Holly Springs.</subfield></datafield><datafield ind1="0" ind2="0" tag="785"><subfield code="t">Independent South (Holly Springs, Miss. : 1871)</subfield><subfield code="w">(OCoLC)12743557</subfield></datafield></record>